<?xml version="1.0" encoding="UTF-8"?><record xmlns="http://www.loc.gov/MARC21/slim" xmlns:cinclude="http://apache.org/cocoon/include/1.0" xmlns:zs="http://www.loc.gov/zing/srw/">
  <leader>00413cz  a2200145n  4500</leader>
  <controlfield tag="001">no2005121082</controlfield>
  <controlfield tag="003">DLC</controlfield>
  <controlfield tag="005">20060321120223.0</controlfield>
  <controlfield tag="008">051209n| acannaabn          |a aaa     c</controlfield>
  <datafield tag="010" ind1=" " ind2=" ">
    <subfield code="a">no2005121082</subfield>
  </datafield>
  <datafield tag="035" ind1=" " ind2=" ">
    <subfield code="a">(OCoLC)oca06812878</subfield>
  </datafield>
  <datafield tag="040" ind1=" " ind2=" ">
    <subfield code="a">NhD</subfield>
    <subfield code="b">eng</subfield>
    <subfield code="c">NhD</subfield>
    <subfield code="d">DLC</subfield>
  </datafield>
  <datafield tag="100" ind1="1" ind2=" ">
    <subfield code="a">Caldwell, Erskine,</subfield>
    <subfield code="d">1903-1987.</subfield>
    <subfield code="t">Tobacco road.</subfield>
    <subfield code="l">Danish</subfield>
  </datafield>
  <datafield tag="400" ind1="1" ind2=" ">
    <subfield code="a">Caldwell, Erskine,</subfield>
    <subfield code="d">1903-1987.</subfield>
    <subfield code="t">Tobaksvejen</subfield>
  </datafield>
  <datafield tag="670" ind1=" " ind2=" ">
    <subfield code="a">Tobaksvejen, 1958.</subfield>
  </datafield>
</record>